<?xml version="1.0" encoding="UTF-8"?><record xmlns="http://www.loc.gov/MARC21/slim" xmlns:cinclude="http://apache.org/cocoon/include/1.0" xmlns:zs="http://www.loc.gov/zing/srw/">
  <leader>00529cz  a2200157n  4500</leader>
  <controlfield tag="001">n  89620841 </controlfield>
  <controlfield tag="003">DLC</controlfield>
  <controlfield tag="005">20130313093813.0</controlfield>
  <controlfield tag="008">890407n| azannaab           |a aad      </controlfield>
  <datafield tag="010" ind1=" " ind2=" ">
    <subfield code="a">n  89620841 </subfield>
  </datafield>
  <datafield tag="040" ind1=" " ind2=" ">
    <subfield code="a">DLC</subfield>
    <subfield code="b">eng</subfield>
    <subfield code="e">rda</subfield>
    <subfield code="c">DLC</subfield>
    <subfield code="d">DLC</subfield>
  </datafield>
  <datafield tag="046" ind1=" " ind2=" ">
    <subfield code="f">1878</subfield>
  </datafield>
  <datafield tag="100" ind1="1" ind2=" ">
    <subfield code="a">Howard, James L.</subfield>
    <subfield code="q">(James Leland),</subfield>
    <subfield code="d">1878-</subfield>
  </datafield>
  <datafield tag="378" ind1=" " ind2=" ">
    <subfield code="q">James Leland</subfield>
  </datafield>
  <datafield tag="400" ind1="1" ind2=" ">
    <subfield code="w">nnea</subfield>
    <subfield code="a">Howard, James L.</subfield>
    <subfield code="q">(James Leland),</subfield>
    <subfield code="d">b. 1878</subfield>
  </datafield>
  <datafield tag="670" ind1=" " ind2=" ">
    <subfield code="a">nuc89-8869: His Seth Harding, mariner [MI] 1930</subfield>
    <subfield code="b">(hdg. on CtY rept.: Howard, James Leland, 1878- ; usage: James L. Howard)</subfield>
  </datafield>
</record>